@misc{tau,
 author = {Hartl, Michael},
 title = {The Tau Manifesto},
 note = {URL:https://tauday.com/tau-manifesto},
 url = {https://tauday.com/tau-manifesto},
 year = {2010},
}

@article{folland,
  author={Folland, Gerald B.},
  title={How to Integrate a Polynomial over a Sphere},
  journal={The American Mathematical Monthly},
  volume={108},
  number={5},
  month=may,
  year=2001,
  pages={446-448},
  url={https://doi.org/10.2307/2695802}
}
